<record><leader>00000cas a22000007a 4500</leader><controlfield tag="001">28487777</controlfield><controlfield tag="008">930722d19081920okuwr ne      0    0eng d</controlfield><datafield ind1=" " ind2=" " tag="010"><subfield code="a">sn 93066120 </subfield></datafield><datafield ind1=" " ind2=" " tag="040"><subfield code="a">OBN</subfield><subfield code="b">eng</subfield><subfield code="c">OBN</subfield><subfield code="d">OCL</subfield><subfield code="d">OCLCQ</subfield></datafield><datafield ind1=" " ind2=" " tag="042"><subfield code="a">msc</subfield></datafield><datafield ind1="0" ind2="0" tag="245"><subfield code="a">Antlers news-record.</subfield></datafield><datafield ind1=" " ind2=" " tag="260"><subfield code="a">Antlers, Okla. :</subfield><subfield code="b">Reigner &amp; Townsend</subfield></datafield><datafield ind1=" " ind2=" " tag="300"><subfield code="a">v.</subfield></datafield><datafield ind1=" " ind2=" " tag="310"><subfield code="a">Weekly</subfield></datafield><datafield ind1="0" ind2=" " tag="362"><subfield code="a">-v. 17, no. 52 (Jan. 16, 1920).</subfield></datafield><datafield ind1=" " ind2=" " tag="500"><subfield code="a">Began December 1908.</subfield></datafield><datafield ind1=" " ind2=" " tag="588"><subfield code="a">Description based on: Vol. 6, no. 36 (Dec. 11, 1908).</subfield></datafield><datafield ind1=" " ind2="4" tag="651"><subfield code="a">Antlers (Okla.)</subfield><subfield code="v">Newspapers.</subfield></datafield><datafield ind1=" " ind2="4" tag="651"><subfield code="a">Pushmataha County (Okla.)</subfield><subfield code="v">Newspapers.</subfield></datafield><datafield ind1=" " ind2=" " tag="752"><subfield code="a">United States</subfield><subfield code="b">Oklahoma</subfield><subfield code="c">Pushmataha</subfield><subfield code="d">Antlers.</subfield></datafield><datafield ind1="0" ind2="4" tag="780"><subfield code="t">Antlers record</subfield><subfield code="w">(DLC)sn 93066122</subfield><subfield code="w">(OCoLC)28487976</subfield></datafield><datafield ind1="0" ind2="4" tag="780"><subfield code="t">Antlers news</subfield><subfield code="w">(DLC)sn 93066121</subfield><subfield code="w">(OCoLC)28487888</subfield></datafield><datafield ind1="0" ind2="5" tag="780"><subfield code="t">Kiamichi valley reporter</subfield><subfield code="w">(DLC)sn 93066105</subfield><subfield code="w">(OCoLC)28486414</subfield></datafield><datafield ind1="1" ind2=" " tag="029"><subfield code="a">AU@</subfield><subfield code="b">000025885809</subfield></datafield></record>